<record><leader>00000cas a22000007a 4500</leader><controlfield tag="001">25698929</controlfield><controlfield tag="008">920423d19341949scuwr ne      0    0eng d</controlfield><datafield ind1=" " ind2=" " tag="010"><subfield code="a">sn 92065532 </subfield></datafield><datafield ind1=" " ind2=" " tag="040"><subfield code="a">SVN</subfield><subfield code="b">eng</subfield><subfield code="c">SVN</subfield><subfield code="d">OCLCQ</subfield></datafield><datafield ind1=" " ind2=" " tag="042"><subfield code="a">msc</subfield></datafield><datafield ind1="0" ind2="4" tag="245"><subfield code="a">The Orangeburg observer and Orangeburg news.</subfield></datafield><datafield ind1=" " ind2=" " tag="260"><subfield code="a">Orangeburg, S.C. :</subfield><subfield code="b">[s.n.]</subfield></datafield><datafield ind1=" " ind2=" " tag="300"><subfield code="a">v.</subfield></datafield><datafield ind1=" " ind2=" " tag="310"><subfield code="a">Weekly</subfield></datafield><datafield ind1="1" ind2=" " tag="362"><subfield code="a">Began in 1934? Ceased in 1949?</subfield><subfield code="z">Moore, South Carolina newspapers.</subfield></datafield><datafield ind1=" " ind2=" " tag="588"><subfield code="a">Description based on: Vol. 5, 1935 (200th Anniversary ed.).</subfield></datafield><datafield ind1=" " ind2="4" tag="651"><subfield code="a">Orangeburg County (S.C.)</subfield><subfield code="v">Newspapers.</subfield></datafield><datafield ind1=" " ind2=" " tag="752"><subfield code="a">United States</subfield><subfield code="b">South Carolina</subfield><subfield code="c">Orangeburg</subfield><subfield code="d">Orangeburg.</subfield></datafield><datafield ind1="0" ind2="4" tag="780"><subfield code="t">Orangeburg observer (Orangeburg, S.C. : 1931)</subfield></datafield><datafield ind1="0" ind2="4" tag="780"><subfield code="t">Orangeburg news (Orangeburg, S.C. : 1931)</subfield></datafield><datafield ind1="1" ind2=" " tag="029"><subfield code="a">AU@</subfield><subfield code="b">000020694222</subfield></datafield></record>